@book{b1996recomendaccoes,
	title={Recomenda{\c{c}}{\~o}es de aduba{\c{c}}{\~a}o e calagem para o Estado de S{\~a}o Paulo},
	author={B. van RAIJ},
	year={1996},
	publisher={IAC Campinas}
}

@inproceedings{osorio2000sistemas,
  title={Sistemas Inteligentes baseados em redes neurais artificiais aplicados ao processamento de imagens},
  author={OS{\'O}RIO, Fernando S and BITTENCOURT, Jo{\~a}o R},
  booktitle={I Workshop de intelig{\^e}ncia artificial},
  year={2000}
}

@article{hastie2005elements,
	title={The elements of statistical learning: data mining, inference and prediction},
	author={Hastie, Trevor and Tibshirani, Robert and Friedman, Jerome and Franklin, James},
	journal={The Mathematical Intelligencer},
	volume={27},
	number={2},
	pages={83--85},
	year={2005},
	publisher={Springer}
}

@book{starnes2010practice,
	title={The practice of statistics},
	author={Starnes, Daren S and Yates, Dan and Moore, David S},
	year={2010},
	publisher={Macmillan}
}
@inproceedings{newell1959report,
	title={Report on a general problem solving program},
	author={Newell, Allen and Shaw, John C and Simon, Herbert A},
	booktitle={IFIP congress},
	volume={256},
	pages={64},
	year={1959},
	organization={Pittsburgh, PA}
}

@book{fayyad1996advances,
	title={Advances in knowledge discovery and data mining},
	author={Fayyad, Usama M and Piatetsky-Shapiro, Gregory and Smyth, Padhraic and Uthurusamy, Ramasamy and others},
	volume={21},
	year={1996},
	publisher={AAAI press Menlo Park}
}

@book{garcia2015data,
	title={Data preprocessing in data mining},
	author={Garc{\'\i}a, Salvador and Luengo, Juli{\'a}n and Herrera, Francisco},
	year={2015},
	publisher={Springer}
}

@article{tjur2009coefficients,
	title={Coefficients of determination in logistic regression models—A new proposal: The coefficient of discrimination},
	author={Tjur, Tue},
	journal={The American Statistician},
	volume={63},
	number={4},
	pages={366--372},
	year={2009},
	publisher={Taylor \& Francis}
}

@article{nagelkerke1991note,
	title={A note on a general definition of the coefficient of determination},
	author={Nagelkerke, Nico JD and others},
	journal={Biometrika},
	volume={78},
	number={3},
	pages={691--692},
	year={1991},
	publisher={Oxford University Press}
}

@book{sammut2011encyclopedia,
	title={Encyclopedia of machine learning},
	author={Sammut, Claude and Webb, Geoffrey I},
	year={2011},
	publisher={Springer Science \& Business Media}
}
@book{padilha2017mineracao,
	title={Mineração de Dados em Python},
	author={Padilha, Victor Alexandre and Carvalhalho, Andre Carlos Ponce de Leon},
	volume={1},
	year={2017},
	publisher={Universidade de São Paulo, Instituto de Ciências Matemáticas e de Computação}
}

@article{pedregosa2011scikit,
	title={Scikit-learn: Machine learning in Python},
	author={Pedregosa, Fabian and Varoquaux, Ga{\"e}l and Gramfort, Alexandre and Michel, Vincent and Thirion, Bertrand and Grisel, Olivier and Blondel, Mathieu and Prettenhofer, Peter and Weiss, Ron and Dubourg, Vincent and others},
	journal={Journal of machine learning research},
	volume={12},
	number={Oct},
	pages={2825--2830},
	year={2011}
}

@article{hunter2007matplotlib,
	title={Matplotlib: A 2D graphics environment},
	author={Hunter, John D},
	journal={Computing in science \& engineering},
	volume={9},
	number={3},
	pages={90},
	year={2007},
	publisher={IEEE Computer Society}
}

@article{mckinney2011pandas,
	title={pandas: a foundational Python library for data analysis and statistics},
	author={McKinney, Wes},
	journal={Python for High Performance and Scientific Computing},
	volume={14},
	year={2011}
}
@article{van2011numpy,
	title={The NumPy array: a structure for efficient numerical computation},
	author={Van Der Walt, Stefan and Colbert, S Chris and Varoquaux, Gael},
	journal={Computing in Science \& Engineering},
	volume={13},
	number={2},
	pages={22},
	year={2011},
	publisher={IEEE Computer Society}
}
@article{limaprojeto,
	title={Projeto RadamBrasil--Folha SD. 24 Salvador},
	author={LIMA, MIC and others},
	journal={Brasil. Departamento Nacional da Produ{\c{c}}{\~a}o Mineral, Rio de Janeiro. Levantamento de Recursos Naturais},
	number={24},
	year={1984}
	pages={25--192}
}

@article{breiman2001random,
	title={Random forests},
	author={Breiman, Leo},
	journal={Machine learning},
	volume={45},
	number={1},
	pages={5--32},
	year={2001},
	publisher={Springer}
}

@article{helfer2019tellus,
	title={Tellus: um modelo computacional para a predi{\c{c}}{\~a}o da fertilidade do solo na agricultura de precis{\~a}o},
	author={Helfer, Gilson and Martini, Bruno and Santos, Ronaldo and Costa, Adilson and Barbosa, Jorge},
	booktitle={Anais do XI Simpósio Brasileiro de Computação Ubíqua e Pervasiva},
	year={2019},
	organization={SBC}
}


@article{da2016prediccao,
	title={Predi{\c{c}}{\~a}o de classes de solo por minera{\c{c}}{\~a}o de dados em {\'a}rea da bacia sedimentar do S{\~a}o Francisco},
	author={da Silva Dias, Laura Milani and Coelho, Ricardo Marques and Valladares, Gustavo Souza and de Assis, Ana Carolina Cunha and Ferreira, Edilene Pereira and da Silva, Rafael Cipriano},
	journal={Pesquisa Agropecu{\'a}ria Brasileira},
	volume={51},
	number={9},
	pages={1396--1404},
	year={2016}
}

@article{daprevisao,
	title={Previs{\~a}o da Produtividade de Pastagens a partir de Indicadores de Solo},
	author={da Silva Camargo, Leandro and Trindade, Jos{\'e} Pedro Pereira and da Silva Camargo, Sandro and da Silva Volk, Leandro Bochi},
	year={2017}
} 

@book{borges2009recomendaccoes,
	title={Recomenda{\c{c}}{\~o}es de calagem e aduba{\c{c}}{\~a}o para abacaxi, acerola, banana, laranja, tangerina, lima {\'a}cida, mam{\~a}o, mandioca, manga e maracuj{\'a}},
	author={Borges, ANA LUCIA BORGES},
	year={2009},
	publisher={Embrapa Mandioca e Fruticultura Tropical}
}

@misc{adubatec,
	title={Sistema especialista AdubaTec},
	author={Ara{\'u}jo, Lucas Henrique Costa and Pontes, Luciano Vidal and Crespo, Murilo Silva},
	year={2018},
	publisher={https://adubatec-h.cnpmf.embrapa.br}
}

@article{claessen1997manual,
  title={Manual de m{\'e}todos de an{\'a}lise de solo.},
  author={CLAESSEN, Marie Elisabeth Christine},
  journal={Embrapa Solos-Documentos (INFOTECA-E)},
  year={1997},
  publisher={Rio de Janeiro: EMBRAPA-CNPS, 1997.}
}

@article{quinlan1986induction,
	title={Induction of decision trees},
	author={Quinlan, J. Ross},
	journal={Machine learning},
	volume={1},
	number={1},
	pages={81--106},
	year={1986},
	publisher={Springer}
}

@article{kaufman1998discovery,
	title={Discovery planning: Multistrategy learning in data mining},
	author={Kaufman, Kenneth A and Michalski, Ryszard S},
	year={1998}
}

@book{rezende2003sistemas,
  title={Sistemas inteligentes: fundamentos e aplica{\c{c}}{\~o}es},
  author={Rezende, Solange Oliveira},
  year={2003},
  publisher={Editora Manole Ltda}
}

@article{faceli2011inteligencia,
	title={Intelig{\^e}ncia Artificial: Uma abordagem de aprendizado de m{\'a}quina},
	author={Faceli, Katti and Lorena, Ana Carolina and Gama, Jo{\~a}o and Carvalho, Andr{\'e} Carlos Ponce de Leon and others},
	year={2011}
}

@article{ViniciusPonte2015,
	title={Intelig{\^e}ncia Artificial},
	author={Machado, Vinicius Ponte  },
	year={2015}
}

@article{monard2003conceitos,
  title={Conceitos sobre aprendizado de m{\'a}quina},
  author={Monard, Maria Carolina and Baranauskas, Jos{\'e} Augusto},
  journal={Sistemas inteligentes-Fundamentos e aplica{\c{c}}{\~o}es},
  volume={1},
  number={1},
  pages={32},
  year={2003}
}


@misc{BICICLETARIO}

@misc{lucas2015,
	title={Sistema de compartilhamento automático de bicicletas},
	author={Ara{\'u}jo, Lucas Henrique Costa},
	year={2015},
	publisher={Anais SEPIP 2015}
}

@article{kohonen1990self,
  title={The self-organizing map},
  author={Kohonen, Teuvo},
  journal={Proceedings of the IEEE},
  volume={78},
  number={9},
  pages={1464--1480},
  year={1990},
  publisher={IEEE}
}

@book{russell2016artificial,
  title={Artificial intelligence: a modern approach},
  author={Russell, Stuart J and Norvig, Peter},
  year={2016},
  publisher={Malaysia; Pearson Education Limited,}
}

@article{mcdermott1982r1,
  title={R1: A rule-based configurer of computer systems},
  author={McDermott, John},
  journal={Artificial intelligence},
  volume={19},
  number={1},
  pages={39--88},
  year={1982},
  publisher={Elsevier}
}

@book{henderson2009encyclopedia,
  title={Encyclopedia of computer science and technology},
  author={Henderson, Harr},
  year={2009},
  publisher={Infobase Publishing}
}

  
@book{luger2004inteligencia,
  title={Intelig{\^e}ncia Artificial-: Estruturas e estrat{\'e}gias para a solu{\c{c}}{\~a}o de problemas complexos},
  author={Luger, George F},
  year={2004},
  publisher={Bookman}
}

@article{kohonen2013essentials,
  title={Essentials of the self-organizing map},
  author={Kohonen, Teuvo},
  journal={Neural networks},
  volume={37},
  pages={52--65},
  year={2013},
  publisher={Elsevier}
}

@article{finatto2013importancia,
  title={A import{\^a}ncia da utiliza{\c{c}}{\~a}o da aduba{\c{c}}{\~a}o org{\^a}nica na agricultura},
  author={Finatto, Jordana and Altmayer, Taci{\'e}len and Martini, Maira Cristina and Rodrigues, Mariano and Basso, Virg{\'\i}nia and Hoehne, Luc{\'e}lia},
  journal={Revista destaques acad{\^e}micos},
  volume={5},
  number={4},
  year={2013}
}

@book{de2014inteligencia,
  title={Intelig{\^e}ncia artificial},
  author={de Fernandes Teixeira, Jo{\~a}o},
  year={2014},
  publisher={Pia Sociedade de S{\~a}o Paulo-Editora Paulus}
}

@book{marcus2013automating,
  title={Automating knowledge acquisition for expert systems},
  author={Marcus, Sandra},
  volume={57},
  year={2013},
  publisher={Springer Science \& Business Media}
}

@book{giarratano1998expert,
  title={Expert systems},
  author={Giarratano, Joseph C and Riley, Gary},
  year={1998},
  publisher={PWS publishing co.}
}





@misc{BICICLETARIO}

@misc{lucas2015,
	title={Sistema de compartilhamento automático de bicicletas},
	author={Ara{\'u}jo, Lucas Henrique Costa},
	year={2015},
	publisher={Anais SEPIP 2015}
}

@misc{aws2019,
	title={Ajuste do modelo: subajuste versus sobreajuste},
	author={AWS},
	year={2019}
}

@misc{CittaMobi,
	title={Localização de trasporte coletivo},
	organization={CittaMobi},
	year={2015},
	publisher={https://www.cittamobi.com.br/}
}

@misc{cesar2010,
	title={A garantia do direito à cidade através do incentivo ao uso da bicicleta nos deslocamentos urbanos},
	author={C{\'e}zar, Yuriê Baptista},
	year={2010},
	publisher={Brasília}
}


@article{largura2012fatores,
	journal={Fatores que influenciam o uso de bicicleta em cidades de médio porte: estudo de caso em Balneário Camboriú/SC},
	author={Largura, Aline Estela },
	year={2012},
	publisher={Florianópolis}
}

@misc{Revistabicileta,
	title={Por que usar a Bicicleta?},
	organization={Revista Bicicleta},
	year={2015},
	publisher={Revista Bicicleta}
}

@article{shirky2011cultura,
	journal={A cultura da participação},
	author={Shirky, Clay},
	year={2011},
	publisher={Criatividade e generosidade no mundo conectado. Rio de Janeiro: Editora Zahar}
}

@article{servaas2000significance,
	journal={The significance of non-motorised transport for developing countries: strategies for policy development},
	author={Servaas, Maurits},
	year={2000},
	school={}
}

@phdthesis{Silveira2010mobilidade,
	title={Mobilidade Sustentável: A bicicleta como um meio de transporte integrado},
	author={Silveira, Mariana Oliveira},
	year={2010},
	school={Universidade Federal do Rio de Janeiro}
}
@misc{PEDAL,
	author={PEDAL USP},
	publisher={http://pedalusp.blogspot.com.br/}
}







@misc{SMART_CITYES}

@article{batty2012smart,
	title={Smart cities of the future},
	author={Batty, Michael and Axhausen, Kay W and Giannotti, Fosca and Pozdnoukhov, Alexei and Bazzani, Armando and Wachowicz, Monica and Ouzounis, Georgios and Portugali, Yuval},
	journal={The European Physical Journal Special Topics},
	volume={214},
	number={1},
	pages={481--518},
	year={2012},
	publisher={Springer}
}

@inproceedings{bowerman2000vision,
	title={The vision of a smart city},
	author={Bowerman, B and Braverman, J and Taylor, J and Todosow, H and Von Wimmersperg, U},
	booktitle={2nd International Life Extension Technology Workshop, Paris},
	volume={28},
	year={2000}
}

@misc{WFSC,
	title={Smart Communities},
	author={California Institute for Smart Communities},
	organization={WFSC},
	year={2001},
	publisher={http://www.smartcommunities.org/about.htm}
}
@article{schaffers2011smart,
	title={Smart cities and the future internet: Towards cooperation frameworks for open innovation},
	author={Schaffers, Hans and Komninos, Nicos and Pallot, Marc and Trousse, Brigitte and Nilsson, Michael and Oliveira, Alvaro},
	journal={The future internet},
	pages={431--446},
	year={2011},
	publisher={Springer}
}

@inproceedings{chourabi2012understanding,
	title={Understanding smart cities: An integrative framework},
	author={Chourabi, Hafedh and Nam, Taewoo and Walker, Shawn and Gil-Garcia, J Ramon and Mellouli, Sehl and Nahon, Karine and Pardo, Theresa A and Scholl, Hans Jochen},
	booktitle={System Science (HICSS), 2012 45th Hawaii International Conference on},
	pages={2289--2297},
	year={2012},
	organization={IEEE}
}


@misc{EIA,
	title={Energy Information Administration - International Energy Outlook 
	2009},
	author={EIA},
	year={2009},
	publisher={http://www.eia.doe.gov/oiaf/ieo/highlights.html}
}
@article{washburn2009helping,
	title={Helping CIOs understand “smart city” initiatives},
	author={Washburn, Doug and Sindhu, Usman and Balaouras, S and Dines, RA and Hayes, N and Nelson, LE},
	journal={Growth},
	volume={17},
	number={2},
	year={2009}
}



@misc{GPS}

@misc{blitzkow1995navstar,
	title={Navstar/GPS: um desafio tornado realidade},
	author={Blitzkow, D},
	year={1995},
	publisher={Simpósio Brasileiro de Geoprocessamento,USP-São Paulo}
	
}

@article{gpsenable,
	title={Evaluation of traffic data obtained via GPS-enabled mobile phones:The Mobile Century field experiment},
	author={Herrera,  Juan C. and Work, Daniel B. and Herring, Ryan and Ban,Xuegang and Jacobson,Quinn and Bayen,Alexandre},
	journal={ELSEVIER},
	
}
@article{misra2006global,
	title={Global Positioning System: signals, measurements and performance second edition},
	author={Misra, Pratap and Enge, Per},
	journal={Massachusetts: Ganga-Jamuna Press},
	year={2006}
}

@misc{Poole2015,
	title={GPS Accuracy Errors Precision},
	author={Poole,Ian},
	year={2015},
	publisher={Radio-Electronics}
}









@misc{GOOGLE_MAPS}

@book{svennerberg2010beginning,
	title={Beginning Google Maps API 3},
	author={Svennerberg, Gabriel},
	year={2010},
	publisher={Apress}
}

@article{sheppard2009ethics,
	title={The ethics of Google Earth: Crossing thresholds from spatial data to landscape visualisation},
	author={Sheppard, Stephen RJ and Cizek, Petr},
	journal={Journal of environmental management},
	volume={90},
	number={6},
	pages={2102--2117},
	year={2009},
	publisher={Elsevier}
}













@misc{SMARTPHONES}


@book{lecheta2013google,
	title={Google Android-3{\textordfeminine} Edi{\c{c}}{\~a}o: Aprenda a criar aplica{\c{c}}{\~o}es para dispositivos m{\'o}veis com o Android SDK},
	author={Lecheta, Ricardo R},
	year={2013},
	publisher={Novatec Editora}
}
@book{pereira2009android,
	title={Android para desenvolvedores},
	author={Pereira, Lucio Camilo Oliva and da Silva, Michel Louren{\c{c}}o},
	year={2009},
	publisher={Brasport}
}
@incollection{alonso2004web,
	title={Web services},
	author={Alonso, Gustavo and Casati, Fabio and Kuno, Harumi and Machiraju, Vijay},
	booktitle={Web Services},
	pages={123--149},
	year={2004},
	publisher={Springer}
}

@article{curbera2002unraveling,
	title={Unraveling the Web services web: an introduction to SOAP, WSDL, and UDDI},
	author={Curbera, Francisco and Duftler, Matthew and Khalaf, Rania and Nagy, William and Mukhi, Nirmal and Weerawarana, Sanjiva},
	journal={IEEE Internet computing},
	volume={6},
	number={2},
	pages={86--93},
	year={2002},
	publisher={IEEE}
}
@article{want2006introduction,
	title={An introduction to RFID technology},
	author={Want, Roy},
	journal={IEEE pervasive computing},
	volume={5},
	number={1},
	pages={25--33},
	year={2006},
	publisher={IEEE}
}
@article{landt2005history,
	title={The history of RFID},
	author={Landt, Jeremy},
	journal={IEEE potentials},
	volume={24},
	number={4},
	pages={8--11},
	year={2005},
	publisher={IEEE}
}

@misc{w3c,
	title={Web Services Architecture},
	author={W3C},
	year={2007},
}

@article{park2007acceptance,
	title={Acceptance and adoption of the innovative use of smartphone},
	author={Park, Yangil and Chen, Jengchung V},
	journal={Industrial Management \& Data Systems},
	volume={107},
	number={9},
	pages={1349--1365},
	year={2007},
	publisher={Emerald Group Publishing Limited}
}

@article{lathia2013smartphones,
	title={Smartphones for large-scale behavior change interventions},
	author={Lathia, Neal and Pejovic, Veljko and Rachuri, Kiran K and Mascolo, Cecilia and Musolesi, Mirco and Rentfrow, Peter J},
	journal={IEEE Pervasive Computing},
	volume={12},
	number={3},
	pages={66--73},
	year={2013},
	publisher={IEEE}
}

@misc{bernardo2011evoluccao,
	title={Evolu{\c{c}}{\~a}o na Comunica{\c{c}}{\~a}o: estudos nas Redes Sociais},
	author={Bernardo, Danylo Santos and Goulart, Elias Estev{\~a}o},
	year={2011},
	publisher={S{\~a}o Caetano do Sul: Universidade Municipal de S{\~a}o Caetano do Sul}
}

@article{lemos2007cidade,
	title={Cidade e mobilidade. Telefones celulares, fun{\c{c}}{\~o}es p{\'o}s-massivas e territ{\'o}rios informacionais},
	author={Lemos, Andr{\'e}},
	journal={MATRIZes},
	volume={1},
	number={1},
	year={2007}
}

@misc{iphone1,
	title={Apple: from iPhone 1 to iPhone 5 – Evolution, Features and Future
	Review},
	author={Querashi,Hamza},
	year={2012},
	publisher={http://www.thenewstribe.com/2012/07/16/apple-from-iphone-1-to-iphone-5-
	evolution-features-and-future-review/}
	
}
@article{sarwar2013impact,
	title={Impact of Smartphone’s on Society},
	author={Sarwar, Muhammad and Soomro, Tariq Rahim},
	journal={European Journal of Scientific Research},
	volume={98},
	number={2},
	pages={216--226},
	year={2013}
}
@article{recuero2007consideraccoes,
	title={Considera{\c{c}}{\~o}es sobre a difus{\~a}o de informa{\c{c}}{\~o}es em redes sociais na internet},
	author={Recuero, Raquel},
	journal={Intercom Sul},
	year={2007}
}

@article{marteleto2001,
	title={An{\'a}lise de redes sociais: aplica{\c{c}}{\~a}o nos estudos de transfer{\^e}ncia da informa{\c{c}}{\~a}o},
	author={Marteleto, Regina Maria},
	journal={Ci{\^e}ncia da informa{\c{c}}{\~a}o},
	volume={30},
	number={1},
	pages={71--81},
	year={2001},
	publisher={SciELO Brasil}
}
@misc{Mobile,
	title={Mobile Device},
	organization={Techopedia},
	year={2015},
	publisher={https://www.techopedia.com/}
}

@article{pereira2013dispositivos,
	title={Os dispositivos m{\'o}veis no apoio a visitas a museus: um estudo da participa{\c{c}}{\~a}o atrav{\'e}s dos dispositivos m{\'o}veis no apoio {\`a} informa{\c{c}}{\~a}o e comunica{\c{c}}{\~a}o em},
	author={Pereira, Pedro Miguel dos Santos Be{\c{c}}a},
	year={2013},
	publisher={Universidade de Aveiro}
}

@article{chon2011lifemap,
	title={Lifemap: A smartphone-based context provider for location-based services},
	author={Chon, John and Cha, Hojung},
	journal={IEEE Pervasive Computing},
	volume={10},
	number={2},
	pages={58--67},
	year={2011},
	publisher={IEEE}
}




@misc{LOCALIZACAO}

@article{lima2003,
	title={Serviços Móveis Baseados em Localização},
	author={Lima, Eduardo Nascimento},
	journal={Inteligência em Telecomunicações},
	year={2003},
	publisher={http://www.teleco.com.br/tutoriais/tutoriallbs/Default.asp}
}

@article{sun2005signal,
	title={Signal processing techniques in network-aided positioning: a survey of state-of-the-art positioning designs},
	author={Sun, Guolin and Chen, Jie and Guo, Wei and Liu, KJ Ray},
	journal={IEEE Signal Processing Magazine},
	volume={22},
	number={4},
	pages={12--23},
	year={2005},
	publisher={IEEE}
}
























